<?xml version="1.0" encoding="UTF-8"?><collection xmlns="http://www.loc.gov/MARC21/slim"><record><leader>00366nam--2200133-i-4500</leader><controlfield tag="001">000045630</controlfield><controlfield tag="002">20161230</controlfield><controlfield tag="005">20161230201045</controlfield><controlfield tag="008">060222s1000------------r-----000-0-eng-d</controlfield><datafield ind1=" " ind2=" " tag="080"><subfield code="a">621.375.826(043)</subfield></datafield><datafield ind1=" " ind2=" " tag="100"><subfield code="a">Udrea, Virgil-mircea</subfield></datafield><datafield ind1=" " ind2=" " tag="245"><subfield code="a">Laseri in impuls cu tun electronic. teza</subfield></datafield><datafield ind1=" " ind2=" " tag="260"><subfield code="a">Bucuresti, Institutul Central De Fizica, 1987, 144p</subfield></datafield><datafield ind1=" " ind2=" " tag="852"><subfield code="a">74486</subfield></datafield></record></collection>